@article{FasterRCNN,
author = {Shaoqing Ren and Kaiming He and Ross Girshick and Jian Sun},
title = {Faster R-CNN: Towards Real-Time Object Detection with Region Proposal Networks},
journal = {IEEE Transactions on Pattern Analysis and Machine Intelligence},
volume = 39,
number = 6,
pages = {1137--1149},
year = 2016
}

@inproceedings{BottomUp,
author = {Peter Anderson and Xiaodong He and Chris Buehler and Damien Teney and Mark Johnson and Stephen Gould and Lei Zhang},
title = {Bottom-Up and Top-Down Attention for Image Captioning and Visual Question Answering},
booktitle = {Proceedings of the IEEE Conference on Computer Vision and Pattern Recognition (CVPR)},
pages = {6077--6086},
year = 2018
}

@article{ViT,
author = {Alexey Dosovitskiy and Lucas Beyer and Alexander Kolesnikov and Dirk Weissenborn and Xiaohua Zhai and Thomas Unterthiner and Mostafa Dehghani and Matthias Minderer and Georg Heigold and Sylvain Gelly and others},
title = {An Image is Worth 16x16 Words: Transformers for Image Recognition at Scale},
journal = {arXiv preprint arXiv:2010.11929},
year = 2020
}

@misc{Authors14,
 author = {Authors},
 title = {The frobnicatable foo filter},
 note = {Face and Gesture  submission ID 324. Supplied as additional material {\tt fg324.pdf}},
 year = 2014
}

@misc{Authors14b,
 author = {Authors},
 title = {Frobnication tutorial},
 note = {Supplied as additional material {\tt tr.pdf}},
 year = 2014
}

@article{Alpher02,
author = {FirstName Alpher},
title = {Frobnication},
journal = {Journal of Foo},
volume = 12, 
number = 1, 
pages = {234--778}, 
year = 2002
}

@article{Alpher03,
author = {FirstName Alpher and  FirstName Fotheringham-Smythe},
title = {Frobnication revisited},
journal = {Journal of Foo},
volume = 13, 
number = 1, 
pages = {234--778}, 
year = 2003
}

@article{Alpher04,
author = {FirstName Alpher and FirstName Fotheringham-Smythe and FirstName Gamow},
title = {Can a machine frobnicate?},
journal = {Journal of Foo},
volume = 14, 
number = 1, 
pages = {234--778}, 
year = 2004
}

@article{vaswani2017attention,
  title={Attention is all you need},
  author={Vaswani, Ashish and Shazeer, Noam and Parmar, Niki and Uszkoreit, Jakob and Jones, Llion and Gomez, Aidan N and Kaiser, {\L}ukasz and Polosukhin, Illia},
  journal={Advances in neural information processing systems},
  volume={30},
  year={2017}
}

@inproceedings{liu2021swin,
  title={Swin transformer: Hierarchical vision transformer using shifted windows},
  author={Liu, Ze and Lin, Yutong and Cao, Yue and Hu, Han and Wei, Yixuan and Zhang, Zheng and Lin, Stephen and Guo, Baining},
  booktitle={Proceedings of the IEEE/CVF international conference on computer vision},
  pages={10012--10022},
  year={2021}
}

@article{liu2021cptr,
  title={Cptr: Full transformer network for image captioning},
  author={Liu, Wei and Chen, Sihan and Guo, Longteng and Zhu, Xinxin and Liu, Jing},
  journal={arXiv preprint arXiv:2101.10804},
  year={2021}
}

@inproceedings{COCO,
  title={{Microsoft COCO}: Common Objects in Context},
  author={Lin, Tsung-Yi and Maire, Michael and Belongie, Serge and Hays, James and Perona, Pietro and Ramanan, Deva and Doll{\'a}r, Piotr and Zitnick, C Lawrence},
  booktitle={European Conference on Computer Vision},
  pages={740--755},
  year={2014},
  organization={Springer}
}

@misc{lin2014microsoft,
      title={Microsoft coco: Common objects in context},
      author={Lin, Tsung-Yi and Maire, Michael and Belongie, Serge and Hays, James and Perona, Pietro and Ramanan, Deva and Doll{\'a}r, Piotr and Zitnick, C Lawrence},
      year={2014},
      eprint={1405.0312},
      archivePrefix={arXiv},
      primaryClass={cs.CV}
}

@article{liu2101cptr,
  title={Cptr: Full transformer network for image captioning},
  author={Liu, Wei and Chen, Sihan and Guo, Longteng and Zhu, Xinxin and Liu, Jing},
  journal={arXiv preprint arXiv:2101.10804},
  year={2021}
}
